%%%
%%% WinShell 3.3.2.6
%%% http://www.winshell.org/
%%%
%
%% Strings
%
%
%% Preamble
%
%
%% BibTeX Entries

@online{wiki-HAC,
 author               = {Online},
 title                = {Hierarchical clustering},
 url                  = {https://en.wikipedia.org/wiki/Hierarchical_clustering},
 urldate              = {6 August 2017},
}

@online{text-clustering,
 author               = {Online},
 title                = {Text clustering},
 url                  = {https://www.slideshare.net/kanimozhiu/text-clustering},
 urldate              = {3 August 2015},
}

@online{partitioning-clustering,
 author               = {Pier Luca Lanzi},
 title                = {Clustering: Partitioning Methods},
 url                  = {https://www.slideshare.net/pierluca.lanzi/machine-learning-and-data-mining-06-clustering-partitioning},
 urldate              = {18 March 2007},
}

@online{hierarchical-clustering,
 author               = {Pier Luca Lanzi},
 title                = {Clustering: Hierarchical},
 url                  = {https://www.slideshare.net/pierluca.lanzi/machine-learning-and-data-mining-08-clustering-hierarchical},
 urldate              = {18 March 2007},
}

@online{cluster-analysis,
 author               = {Online},
 title                = {Cluster Analysis},
 url                  = {http://sites.stat.psu.edu/~ajw13/stat505/fa06/19_cluster/06_cluster_versus.html},
 urldate              = {2004},
}

@online{density-clustering,
 author               = {Pier Luca Lanzi},
 title                = {Density-based, Grid-based, Model-based},
 url                  = {https://www.slideshare.net/pierluca.lanzi/machine-learning-and-data-mining-09-clustering-densitybased-gridbased-modelbased},
 urldate              = {18 March 2007},
}

@online{partitioning-clustering-Krish,
 author               = {Krish-ver2},
 title                = {Clustering: Partitioning Methods},
 url                  = {https://www.slideshare.net/Krish_ver2/32-partitioning-methods},
 urldate              = {7 May 2015},
}

@online{Manojit-Nandi,
 author               = {Manojit Nandi},
 title                = {Density-Based Clustering},
 url                  = {https://blog.dominodatalab.com/topology-and-density-based-clustering},
 urldate              = {9 September 2015},
}

@online{AHC,
 author               = {Online},
 title                = {Agglomerative Hierarchical Clustering},
 url                  = {https://onlinecourses.science.psu.edu/stat505/node/143},
 urldate              = {2017},
}

@online{HAC,
 author               = {Online},
 title                = {Hierarchical Clustering},
 url                  = {http://www.saedsayad.com/clustering_hierarchical.htm},
}

@online{single-complete,
 author               = {Online},
 title                = {Single-link and complete-link clustering},
 url                  = {https://nlp.stanford.edu/IR-book/html/htmledition/single-link-and-complete-link-clustering-1.html},
 urldate              = {7 April 2009},
}

@online{centroid,
 author               = {Online},
 title                = {Centroid clustering},
 url                  = {https://nlp.stanford.edu/IR-book/html/htmledition/centroid-clustering-1.html},
 urldate              = {7 April 2009},
}

@online{average,
 author               = {Online},
 title                = {Group-average agglomerative clustering},
 url                  = {https://nlp.stanford.edu/IR-book/html/htmledition/group-average-agglomerative-clustering-1.html},
 urldate              = {7 April 2009},
}

@online{SSE,
 author               = {Online},
 title                = {Sum of Squares},
 url                  = {http://www.statisticshowto.com/residual-sum-squares/},
 urldate              = {2017},
}

@online{explain-HAC,
 author               = {Online},
 title                = {How to Explain Hierarchical Clustering },
 url                  = {http://www.analytictech.com/networks/hiclus.htm},
 urldate              = {1994},
}

@misc{Reuters-21578,
author					= {David D. Lewis},
title					= {Reuters-21578 text categorization test collection distribution 1.0},
howpublished			= {\url{http://www.research.att.com/~lewis}},
date					= {26 September 1997},
}

@book{Morey-Agresti,
author					= {Morey, Agresti},
title					= {An Adjustment to Rand Statistic for Chance Agreement},
publisher				= {The Classification Society Bulletin 5, 9-10},
}

@book{Melina-ARI,
author					= {Melina, Marina},
title					= {Comparing Clusterings},
publisher				= {COLT},
year					= {2013},
}

@book{Vipin-Kumar,
author					= {Vipin Kumar},
title					= {Introduction to data mining},
date					= {25 March 2006},
}


@book{Jain-Dubes,
author					= {A.Jain, R.C.Dubes},
title					= {Algorithm for Clustering Data},
publisher				= {Prentice Hall, Englewood Cliffs, NJ},
year					= {2007},
}

@article{Jardin-Rijsbergen,
 author               = {N. Jardine, C. J.van Rijsbergen},
 journal              = {Information Storage and Retrieval, 7},
 pages                = {217–240},
 title                = {{The use of hierarchical clustering
in information retrieval}},
 year                 = {1971},
 }

@article{Ji-Xu,
 author               = {X. Ji, W. Xu. },
 journal              = {ACM SIGIR Conference},
 pages                = {217–240},
 title                = {{Document clustering with prior knowledge}},
 year                 = {2006},
 }

@book{Jolliffee,
author					= {I. T. Jolliffee},
title					= {Principal Component Analysis},
publisher				= {Springer},
year					= {2002},
}


